%% Created using Papers on Wed, 17 Dec 2014.
%% http://mekentosj.com/papers/

@article{GarciaSastre:2013ko,
author = {Garcia-Sastre, A and Evans, M J},
title = {{miR-122 is more than a shield for the hepatitis C virus genome}},
journal = {Proceedings of the National Academy of Sciences},
year = {2013},
volume = {110},
number = {5},
pages = {1571--1572},
month = jan
}

@article{Shetty:2013dd,
author = {Shetty, S and Stefanovic, S and Mihailescu, M R},
title = {{Hepatitis C virus RNA: molecular switches mediated by long-range RNA-RNA interactions?}},
journal = {Nucleic acids research},
year = {2013},
volume = {41},
number = {4},
pages = {2526--2540},
month = feb
}

@article{Lauring:2013iq,
author = {Lauring, Adam S and Frydman, Judith and Andino, Raul},
title = {{The role of mutational robustness in RNA virus evolution}},
journal = {Nature Reviews Microbiology},
year = {2013},
pages = {1--10},
month = mar
}

@article{Arzumanyan:2013hi,
author = {Arzumanyan, Alla and Reis, Helena M G P V and Feitelson, Mark A},
title = {{Pathogenic mechanisms in HBV- and HCV-associated hepatocellular carcinoma}},
journal = {Nature Reviews Cancer},
year = {2013},
volume = {13},
number = {2},
pages = {123--135},
month = feb
}

@article{Lim:2013eo,
author = {Lim, Wendell A and Lee, Connie M and Tang, Chao},
title = {{Design Principles of Regulatory Networks: Searching for the Molecular Algorithms of the Cell}},
journal = {Molecular Cell},
year = {2013},
volume = {49},
number = {2},
pages = {202--212},
month = jan
}

@article{Fraser:2013gn,
author = {Fraser, James S and Gross, John D and Krogan, Nevan J},
title = {{From Systems to Structure: Bridging Networks and Mechanism}},
journal = {Molecular Cell},
year = {2013},
volume = {49},
number = {2},
pages = {222--231},
month = jan
}

