%% Created using Papers on Sun, 01 Feb 2015.
%% http://mekentosj.com/papers/

@article{Kleines:2009gja,
author = {Kleines, Michael and H{\"a}usler, Martin and Kr{\"u}ttgen, Alexander and Scheithauer, Simone},
title = {{WU Polyomavirus (WUPyV): A Recently Detected Virus Causing Respiratory Disease?}},
journal = {Viruses},
year = {2009},
volume = {1},
number = {3},
pages = {678--688},
month = dec
}

@article{Fauci:2012us,
author = {Fauci, Anthony S and Morens, David M},
title = {{The perpetual challenge of infectious diseases}},
journal = {The New England journal of medicine},
year = {2012},
volume = {366},
number = {5},
pages = {454--461}
}

@article{Aagaard:2014vk,
author = {Aagaard, Kjersti and Ma, Jun and Antony, Kathleen M and Ganu, Radhika and Petrosino, Joseph and Versalovic, James},
title = {{The placenta harbors a unique microbiome}},
journal = {Science Translational Medicine},
year = {2014},
volume = {6},
number = {237},
pages = {237ra65--237ra65}
}

@article{Jopling:2005ij,
author = {Jopling, C L},
title = {{Modulation of Hepatitis C Virus RNA Abundance by a Liver-Specific MicroRNA}},
journal = {Science},
year = {2005},
volume = {309},
number = {5740},
pages = {1577--1581},
month = sep
}

@article{Romero:2014ida,
author = {Romero, R and Dey, S K and Fisher, S J},
title = {{Preterm labor: One syndrome, many causes}},
journal = {Science},
year = {2014},
volume = {345},
number = {6198},
pages = {760--765},
month = aug
}

@article{Flynn:2014bi,
author = {Flynn, Ryan A and Martin, Lance and Spitale, Robert C and Do, Brian T and Sagan, Selena M and Zarnegar, Brian and Qu, Kun and Khavari, Paul A and Quake, Stephen R and Sarnow, Peter and Chang, Howard Y},
title = {{Dissecting noncoding and pathogen RNA--protein interactomes}},
journal = {Rna-a Publication of the Rna Society},
year = {2014},
volume = {21},
number = {1},
pages = {135--143},
month = dec
}

@article{Fan:2008ww,
author = {Fan, H C and Blumenfeld, Y J and Chitkara, U and Hudgins, L and Quake, S R},
title = {{Noninvasive diagnosis of fetal aneuploidy by shotgun sequencing DNA from maternal blood}},
journal = {Proceedings of the National Academy of Sciences},
year = {2008},
volume = {105},
number = {42},
pages = {16266--16271}
}

@article{GarciaSastre:2013ko,
author = {Garcia-Sastre, A and Evans, M J},
title = {{miR-122 is more than a shield for the hepatitis C virus genome}},
journal = {Proceedings of the National Academy of Sciences},
year = {2013},
volume = {110},
number = {5},
pages = {1571--1572},
month = jan
}

@article{Snyder:2011gd,
author = {Snyder, Thomas M and Khush, Kiran K and Valantine, Hannah A and Quake, Stephen R},
title = {{Universal noninvasive detection of solid organ transplant rejection}},
journal = {Proceedings of the National Academy of Sciences},
year = {2011},
pages = {201013924}
}

@article{Wang:2014fu,
author = {Wang, J and Quake, S R},
title = {{RNA-guided endonuclease provides a therapeutic strategy to cure latent herpesviridae infection}},
journal = {Proceedings of the National Academy of Sciences},
year = {2014},
volume = {111},
number = {36},
pages = {13157--13162},
month = sep
}

@article{Xia:2011ita,
author = {Xia, Li C and Cram, Jacob A and Chen, Ting and Fuhrman, Jed A and Sun, Fengzhu},
title = {{Accurate Genome Relative Abundance Estimation Based on Shotgun Metagenomic Reads}},
journal = {PloS one},
year = {2011},
volume = {6},
number = {12},
pages = {e27992},
month = dec
}

@article{Epstein:2000ge,
author = {Epstein, Franklin H and Goldenberg, Robert L and Hauth, John C and Andrews, William W},
title = {{Intrauterine Infection and Preterm Delivery}},
journal = {New England Journal of Medicine},
year = {2000},
volume = {342},
number = {20},
pages = {1500--1507},
month = may
}

@article{Wilson:2014dv,
author = {Wilson, Michael R and Naccache, Samia N and Samayoa, Erik and Biagtan, Mark and Bashir, Hiba and Yu, Guixia and Salamat, Shahriar M and Somasekar, Sneha and Federman, Scot and Miller, Steve and Sokolic, Robert and Garabedian, Elizabeth and Candotti, Fabio and Buckley, Rebecca H and Reed, Kurt D and Meyer, Teresa L and Seroogy, Christine M and Galloway, Renee and Henderson, Sheryl L and Gern, James E and DeRisi, Joseph L and Chiu, Charles Y},
title = {{Actionable Diagnosis of Neuroleptospirosis by Next-Generation Sequencing}},
journal = {New England Journal of Medicine},
year = {2014},
volume = {370},
number = {25},
pages = {2408--2417},
month = jun
}

@article{Lovci:2013cq,
author = {Lovci, Michael T and Ghanem, Dana and Marr, Henry and Arnold, Justin and Gee, Sherry and Parra, Marilyn and Liang, Tiffany Y and Stark, Thomas J and Gehman, Lauren T and Hoon, Shawn and Massirer, Katlin B and Pratt, Gabriel A and Black, Douglas L and Gray, Joe W and Conboy, John G and Yeo, Gene W},
title = {{Rbfox proteins regulate alternative mRNA splicing through evolutionarily conserved RNA bridges}},
journal = {Nature Structural {\&} Molecular Biology},
year = {2013},
volume = {20},
number = {12},
pages = {1434--1442},
month = nov
}

@article{Cho:2012cna,
author = {Cho, Ilseung and Blaser, Martin J},
title = {{Applications of Next-Generation Sequencing: The human microbiome: at the interface of health and disease}},
journal = {Nature Publishing Group},
year = {2012},
volume = {13},
number = {4},
pages = {260--270},
month = mar
}

@article{Shendure:2012et,
author = {Shendure, Jay and Aiden, Erez Lieberman},
title = {{The expanding scope of DNA sequencing}},
journal = {Nature Publishing Group},
year = {2012},
volume = {30},
number = {11},
pages = {1084--1094},
month = nov
}

@article{Martin:2012cx,
author = {Martin, Lance and Meier, Matthias and Lyons, Shawn M and Sit, Rene V and Marzluff, William F and Quake, Stephen R and Chang, Howard Y},
title = {{Systematic reconstruction of RNA functional motifs with high-throughput microfluidics}},
journal = {Nature Methods},
year = {2012},
volume = {9},
number = {12},
pages = {1192--1194},
month = nov
}

@article{Nielsen:2010ea,
author = {Nielsen, Cydney B and Cantor, Michael and Dubchak, Inna and Gordon, David and Wang, Ting},
title = {{Visualizing genomes: techniques and challenges}},
journal = {Nature Methods},
year = {2010},
volume = {7},
number = {3s},
pages = {S5--S15},
month = feb
}

@article{Newman:2014ika,
author = {Newman, Aaron M and Bratman, Scott V and To, Jacqueline and Wynne, Jacob F and Eclov, Neville C W and Modlin, Leslie A and Liu, Chih Long and Neal, Joel W and Wakelee, Heather A and Merritt, Robert E and Shrager, Joseph B and Loo, Billy W and Alizadeh, Ash A and Diehn, Maximilian},
title = {{An ultrasensitive method for quantitating circulating tumor DNA with broad patient coverage}},
journal = {Nature Medicine},
year = {2014},
pages = {1--9},
month = apr
}

@article{Bianchi:2012uc,
author = {Bianchi, D W},
title = {{Prenatal diagnostics: Fetal genes in mother's blood}},
journal = {Nature},
year = {2012},
volume = {487},
number = {7407},
pages = {304--305}
}

@article{Calo:2014ix,
author = {Calo, Eliezer and Flynn, Ryan A and Martin, Lance and Spitale, Robert C and Chang, Howard Y and Wysocka, Joanna},
title = {{RNA helicase DDX21 coordinates transcription and ribosomal RNA processing}},
journal = {Nature},
year = {2014},
pages = {1--17},
month = nov
}

@article{Consortium:2012bb,
author = {Consortium, The Human Microbiome Project},
title = {{Structure, function and diversity of the healthy human microbiome}},
journal = {Nature},
year = {2012},
volume = {486},
number = {7402},
pages = {207--214},
month = jun
}

@article{Ding:2014kg,
author = {Ding, Tao and Schloss, Patrick D},
title = {{Dynamics and associations of microbial community types across the human body}},
journal = {Nature},
year = {2014},
volume = {509},
number = {7500},
pages = {357--360},
month = may
}

@article{Jager:2011de,
author = {J{\"a}ger, S and Cimermancic, P and Gulbahce, N and Johnson, J R and McGovern, K E and Clarke, S C and Shales, M and Mercenne, G and Pache, L and Li, K},
title = {{Global landscape of HIV-human protein complexes}},
journal = {Nature},
year = {2011}
}

@article{Shen:2014tq,
author = {Shen, H},
title = {{Interactive notebooks: Sharing the code.}},
journal = {Nature},
year = {2014}
}

@article{Wolfe:2007kr,
author = {Wolfe, N D and Dunavan, C P and Diamond, J},
title = {{Origins of major human infectious diseases}},
journal = {Nature},
year = {2007},
volume = {447},
number = {7142},
pages = {279--283}
}

@article{Clercq:2004ba,
author = {Clercq, Erik De},
title = {{Antivirals and antiviral strategies}},
journal = {Nature Reviews Microbiology},
year = {2004},
volume = {2},
number = {9},
pages = {704--720},
month = sep
}

@article{Fournier:2013ewa,
author = {Fournier, Pierre-Edouard and Drancourt, Michel and Colson, Philippe and Rolain, Jean-Marc and La Scola, Bernard and Raoult, Didier},
title = {{Modern clinical microbiology: new challenges and solutions}},
journal = {Nature Reviews Microbiology},
year = {2013},
volume = {11},
number = {8},
pages = {574--585},
month = aug
}

@article{Fraser:2006kn,
author = {Fraser, Christopher S and Doudna, Jennifer A},
title = {{Structural and mechanistic insights into hepatitis C viral translation initiation}},
journal = {Nature Reviews Microbiology},
year = {2006},
volume = {5},
number = {1},
pages = {29--38},
month = nov
}

@article{Furuya:2006fd,
author = {Furuya, E Yoko and Lowy, Franklin D},
title = {{Antimicrobial-resistant bacteria in the community setting}},
journal = {Nature Reviews Microbiology},
year = {2006},
volume = {4},
number = {1},
pages = {36--45},
month = jan
}

@article{Lauring:2013iq,
author = {Lauring, Adam S and Frydman, Judith and Andino, Raul},
title = {{The role of mutational robustness in RNA virus evolution}},
journal = {Nature Reviews Microbiology},
year = {2013},
pages = {1--10},
month = mar
}

@article{Sandler:2012iz,
author = {Sandler, Netanya G and Douek, Daniel C},
title = {{Microbial translocation in HIV infection: causes, consequences and treatment opportunities}},
journal = {Nature Reviews Microbiology},
year = {2012},
volume = {10},
number = {9},
pages = {655--666},
month = aug
}

@article{Stoye:2012gqa,
author = {Stoye, Jonathan P},
title = {{Studies of endogenous retroviruses reveal a continuing evolutionary saga}},
journal = {Nature Reviews Microbiology},
year = {2012},
volume = {10},
number = {6},
pages = {395--406},
month = may
}

@article{Walsh:2011kt,
author = {Walsh, Derek and Mohr, Ian},
title = {{Viral subversion of the host protein synthesis machinery}},
journal = {Nature Reviews Microbiology},
year = {2011},
volume = {9},
number = {12},
pages = {860--875},
month = oct
}

@article{Cho:2012cn,
author = {Cho, Ilseung and Blaser, Martin J},
title = {{Applications of Next-Generation Sequencing: The human microbiome: at the interface of health and disease}},
journal = {Nature Reviews Genetics},
year = {2012},
volume = {13},
number = {4},
pages = {260--270},
month = mar
}

@article{Konig:2012ww,
author = {K{\"o}nig, Julian and Zarnack, Kathi and Luscombe, Nicholas M and Ule, Jernej},
title = {{Protein--RNA interactions: new genomic technologies and perspectives}},
journal = {Nature Reviews Genetics},
year = {2012},
volume = {13},
number = {2},
pages = {77--83}
}

@article{Marzluff:2008fy,
author = {Marzluff, W F and Wagner, E J and Duronio, R J},
title = {{Metabolism and regulation of canonical histone mRNAs: life without a poly (A) tail}},
journal = {Nature Reviews Genetics},
year = {2008},
volume = {9},
number = {11},
pages = {843--854}
}

@article{Clercq:2007ci,
author = {Clercq, Erik De},
title = {{The design of drugs for HIV and HCV}},
journal = {Nature Reviews Drug Discovery},
year = {2007},
volume = {6},
number = {12},
pages = {1001--1018},
month = dec
}

@article{Lewis:2013bpa,
author = {Lewis, Kim},
title = {{Platforms for antibiotic discovery}},
journal = {Nature Reviews Drug Discovery},
year = {2013},
volume = {12},
number = {5},
pages = {371--387},
month = apr
}

@article{Melnikova:2011ed,
author = {Melnikova, Irena},
title = {{Hepatitis C --- pipeline update}},
journal = {Nature Reviews Drug Discovery},
year = {2011},
volume = {10},
number = {2},
pages = {93--94},
month = feb
}

@article{Tan:2002dm,
author = {Tan, S L and Pause, A and Shi, Y and Sonenberg, N},
title = {{Hepatitis C therapeutics: current status and emerging strategies}},
journal = {Nature Reviews Drug Discovery},
year = {2002},
volume = {1},
number = {11},
pages = {867--881}
}

@article{Schwarzenbach:2011ir,
author = {Schwarzenbach, Heidi and Hoon, Dave S B and Pantel, Klaus},
title = {{Cell-free nucleic acids as biomarkers in cancer patients}},
journal = {Nature Reviews Cancer},
year = {2011},
pages = {1--12},
month = may
}

@article{Sonis:2004fj,
author = {Sonis, Stephen T},
title = {{The pathobiology of mucositis}},
journal = {Nature Reviews Cancer},
year = {2004},
volume = {4},
number = {4},
pages = {277--284},
month = apr
}

@article{Belkaid:2013bg,
author = {Belkaid, Yasmine and Naik, Shruti},
title = {{Compartmentalized and systemic control of tissue immunity by commensals}},
journal = {Nature Immunology},
year = {2013},
volume = {14},
number = {7},
pages = {646--653},
month = jun
}

@article{Allison:2013km,
author = {Allison, Malorye},
title = {{Genomic testing reaches into the womb}},
journal = {Nature Biotechnology},
year = {2013},
volume = {31},
number = {7},
pages = {595--601},
month = jul
}

@article{Brown:2013fi,
author = {Brown, James and de Vos, Willem M and DiStefano, Peter S and Dor{\'e}, Jo{\"e}l and Huttenhower, Curtis and Knight, Rob and Lawley, Trevor D and Raes, Jeroen and Turnbaugh, Peter},
title = {{Translating the human microbiome}},
journal = {Nature Biotechnology},
year = {2013},
volume = {31},
number = {4},
pages = {304--308},
month = apr
}

@article{Buenrostro:2014kx,
author = {Buenrostro, Jason D and Araya, Carlos L and Chircus, Lauren M and Layton, Curtis J and Chang, Howard Y and Snyder, Michael P and Greenleaf, William J},
title = {{Quantitative analysis of RNA-protein interactions on a massively parallel array reveals biophysical and evolutionary landscapes}},
journal = {Nature Biotechnology},
year = {2014},
volume = {32},
number = {6},
pages = {562--568},
month = apr
}

@article{Fordyce:2010fb,
author = {Fordyce, Polly M and Gerber, Doron and Tran, Danh and Zheng, Jiashun and Li, Hao and DeRisi, Joseph L and Quake, Stephen R},
title = {{De novo identification and biophysical characterization of transcription-factor binding sites with microfluidic affinity analysis}},
journal = {Nature Biotechnology},
year = {2010},
volume = {28},
number = {9},
pages = {962--967},
month = aug
}

@article{Fox:2014fja,
author = {Fox, Jeffrey L},
title = {{Technology comes to typing}},
journal = {Nature Biotechnology},
year = {2014},
volume = {32},
number = {11},
pages = {1081--1084},
month = nov
}

@article{Fox:2014fj,
author = {Fox, Jeffrey L},
title = {{Technology comes to typing}},
journal = {Nature Biotechnology},
year = {2014},
volume = {32},
number = {11},
pages = {1081--1084},
month = nov
}

@article{Schmidt:2013kz,
author = {Schmidt, Charles},
title = {{The startup bugs}},
journal = {Nature Biotechnology},
year = {2013},
volume = {31},
number = {4},
pages = {279--281},
month = apr
}

@article{Prince:2014gx,
author = {Prince, Amanda L and Antony, Kathleen M and Chu, Derrick M and Aagaard, Kjersti M},
title = {{The microbiome, parturition, and timing of birth: more questions than answers}},
journal = {Journal of Reproductive Immunology},
year = {2014},
volume = {104-105},
pages = {12--19},
month = oct
}

@article{Naccache:2014gka,
author = {Naccache, S N and Federman, S and Veeraraghavan, N and Zaharia, M and Lee, D and Samayoa, E and Bouquet, J and Greninger, A L and Luk, K C and Enge, B and Wadford, D A and Messenger, S L and Genrich, G L and Pellegrino, K and Grard, G and Leroy, E and Schneider, B S and Fair, J N and Martinez, M A and Isa, P and Crump, J A and DeRisi, J L and Sittler, T and Hackett, J and Miller, S and Chiu, C Y},
title = {{A cloud-compatible bioinformatics pipeline for ultrarapid pathogen identification from next-generation sequencing of clinical samples}},
journal = {Genome Research},
year = {2014},
volume = {24},
number = {7},
pages = {1180--1192},
month = jul
}

@article{Rinn:2014uo,
author = {Rinn, John L and Ule, Jernej},
title = {{'Oming in on RNA--protein interactions}},
journal = {Genome Biology},
year = {2014},
volume = {15},
number = {1},
pages = {401}
}

@article{Wilson:2014baa,
author = {Wilson, Joyce A and Sagan, Selena M},
title = {{Hepatitis C virus and human miR-122: insights from the bench to the clinic}},
journal = {Current Opinion in Virology},
year = {2014},
volume = {7},
pages = {11--18},
month = aug
}

@article{Hunter:2007ux,
author = {Hunter, John D},
title = {{Matplotlib: A 2D graphics environment}},
journal = {Computing in Science {\&} Engineering},
year = {2007},
volume = {9},
number = {3},
pages = {0090--0095}
}

@article{Quake:2012iya,
author = {Quake, S},
title = {{Sizing Up Cell-Free DNA}},
journal = {Clinical Chemistry},
year = {2012},
volume = {58},
number = {3},
pages = {489--490},
month = feb
}

@article{Quake:2012iy,
author = {Quake, S},
title = {{Sizing Up Cell-Free DNA}},
journal = {Clinical Chemistry},
year = {2012},
volume = {58},
number = {3},
pages = {489--490},
month = feb
}

@article{Dewey:2012ii,
author = {Dewey, F E and Pan, S and Wheeler, M T and Quake, S R and Ashley, E A},
title = {{DNA Sequencing: Clinical Applications of New DNA Sequencing Technologies}},
journal = {Circulation},
year = {2012},
volume = {125},
number = {7},
pages = {931--944},
month = feb
}

@article{Papenfort:2010eb,
author = {Papenfort, Kai and Vogel, J{\"o}rg},
title = {{Regulatory RNA in Bacterial Pathogens}},
journal = {Cell Host and Microbe},
year = {2010},
volume = {8},
number = {1},
pages = {116--127},
month = jul
}

@article{Handley:2012ic,
author = {Handley, Scott A and Thackray, Larissa B and Zhao, Guoyan and Presti, Rachel and Miller, Andrew D and Droit, Lindsay and Abbink, Peter and Maxfield, Lori F and Kambal, Amal and Duan, Erning and Stanley, Kelly and Kramer, Joshua and Macri, Sheila C and Permar, Sallie R and Schmitz, Joern E and Mansfield, Keith and Brenchley, Jason M and Veazey, Ronald S and Stappenbeck, Thaddeus S and Wang, David and Barouch, Dan H and Virgin, Herbert W},
title = {{Pathogenic Simian Immunodeficiency Virus Infection Is Associated with Expansion of the Enteric Virome}},
journal = {Cell},
year = {2012},
volume = {151},
number = {2},
pages = {253--266},
month = oct
}

@article{Koren:2012ji,
author = {Koren, Omry and Goodrich, Julia K and Cullender, Tyler C and Spor, Aym{\'e} and Laitinen, Kirsi and Kling B{\"a}ckhed, Helene and Gonz{\'a}lez, Antonio and Werner, Jeffrey J and Angenent, Largus T and Knight, Rob and B{\"a}ckhed, Fredrik and Isolauri, Erika and Salminen, Seppo and Ley, Ruth E},
title = {{Host Remodeling of the Gut Microbiome and Metabolic Changes during Pregnancy}},
journal = {Cell},
year = {2012},
volume = {150},
number = {3},
pages = {470--480},
month = aug
}

@article{Virgin:2009fj,
author = {Virgin, Herbert W and Wherry, E John and Ahmed, Rafi},
title = {{Redefining Chronic Viral Infection}},
journal = {Cell},
year = {2009},
volume = {138},
number = {1},
pages = {30--50},
month = jul
}

@article{DeVlaminck:2013hl,
author = {De Vlaminck, Iwijn and Khush, Kiran K and Strehl, Calvin and Kohli, Bitika and Luikart, Helen and Neff, Norma F and Okamoto, Jennifer and Snyder, Thomas M and Cornfield, David N and Nicolls, Mark R and Weill, David and Bernstein, Daniel and Valantine, Hannah A and Quake, Stephen R},
title = {{Temporal Response of the Human Virome to Immunosuppression and Antiviral Therapy}},
journal = {Cell},
year = {2013},
volume = {155},
number = {5},
pages = {1178--1187},
month = nov
}

@article{Zarnack:2013iv,
author = {Zarnack, Kathi and K{\"o}nig, Julian and Tajnik, Mojca and Martincorena, I{\~n}igo and Eustermann, Sebastian and St{\'e}vant, Isabelle and Reyes, Alejandro and Anders, Simon and Luscombe, Nicholas M and Ule, Jernej},
title = {{Direct Competition between hnRNP C and U2AF65 Protects the Transcriptome from the Exonization of Alu Elements}},
journal = {Cell},
year = {2013},
volume = {152},
number = {3},
pages = {453--466},
month = jan
}

@article{Boyd:2013cc,
author = {Boyd, Scott D},
title = {{Diagnostic Applications of High-Throughput DNA Sequencing}},
journal = {Annual Review of Pathology: Mechanisms of Disease},
year = {2013},
volume = {8},
number = {1},
pages = {381--410},
month = jan
}

@article{Brenchley:2012bm,
author = {Brenchley, Jason M and Douek, Daniel C},
title = {{Microbial Translocation Across the GI Tract *}},
journal = {Annual Review of Immunology},
year = {2012},
volume = {30},
number = {1},
pages = {149--173},
month = apr
}

